% example .bib file from
% http://www.math.duke.edu/computing/tex/templates/database.bib

@online{pycubed,
   author = "Andrea Ramírez Maximillian Holliday and Tane Tatum Connor Settle and Zachary Manchester Debbie Senesky",
   title = "PyCubed: An Open-Source, Radiation-Tested CubeSat Platform Programmable Entirely in Python",
   url = "https://digitalcommons.usu.edu/smallsat/2019/all2019/65/",
   year = "2018",
}
@report{Eleazar2020,
   author = "Aldo Eleazar and Pérez Ramos and Edwin Martínez Aragón and Salvador Villarreal Reyes",
   title = "Baterías que dan vida a un nanosatélite",
   url = "www.nanosats.eu",
   year = "2020",
}
@report{Angel2006,
   author = "Miguel Angel and Bañuelos Saucedo",
   keywords = "Croatia,Dubrovnik,nuclear",
   title = "Generación de curvas de descarga de una batería de Li-ion utilizando una plataforma de hardware libre",
   url = "https://www.researchgate.net/publication/338435753",
   year = "2006",
}
@report{irazu,
   author = "Marco Gómez Jenkins and Julio Calvo Alvarado and Ana Julieta Calvo and Adolfo Chaves Jiménez and Johan Carvajal Godínez and Alfredo Valverde Salazar and Julio Ramirez Molina and Carlos Alvarado Briceño and Arys Carrasquilla Batista",
   keywords = "()",
   pages = "26-30",
   title = "Irazú: CubeSat Mission Architecture and Development",
   year = "2016",
}
@article{Monge2017,
   author = "Luis Diego Monge and Astra Codex",
   doi = "10.13140/RG.2.2.17692.95368",
   title = "Project IRAZU the first Central America Satellite, a store & forward CubeSat mission for environmental monitoring in Costa Rica MORAZAN PROJECT View project Project DITSÖ View project",
   url = "https://www.researchgate.net/publication/333323389",
   year = "2017",
}
@report{Mejuto2020,
   author = "Javier Mejuto and Fernando Zorto and Eduardo Joaquin Gross and Maria Molina and ProfDr Javier Mejuto and Fernando José Zorto Aguilerab and Vilma Lorena Ochoa López and Eduardo Joaquin Gross Muñoz and Jose Mario Porfirio Lopez Castellanos and Maria Molin and Luis Monge and Carlos Enrique Alvarado-Briceño and Moacir Becker and Oliver Ernesto Sierra Pac and ctor Carol Hernndez",
   issue = "9",
   keywords = "Central America,Ground Station,Honduras,Morazan,Small satellites",
   pages = "59527",
   title = "Cabañas: First Honduran academic ground station for Small satellite Missions",
   volume = "4",
   url = "https://www.researchgate.net/publication/348869048",
   year = "2020",
}

@article{IAC2021,
   author = "IAC",
   title = "Paving the way to the stars Inclusion and education through Space",
   year = "2021",
}
@report{Monge2019,
   author = "Luis Diego Monge and Astra Codex and Maria Molina and Fernando Zorto and Eduardo Joaquin Gross",
   title = "Morazán MRZ-Sat CubeSat Project for Integration of the Central American Nations through Collaboration in Space",
   url = "https://www.researchgate.net/publication/336889086",
   year = "2019",
}
@report{Zorto2022,
   author = "Fernando Zorto and Jefrey René and Reynel Josué and Fernando José",
   keywords = "CubeSat,Low Earth orbit,Thermal Analysis,Thermal modelling",
   title = "Morazán MRZ-SAT CubeSat: Thermal Modelling and Analysis Guide for Academic CubeSat Missions",
   url = "https://www.researchgate.net/publication/363841072",
   year = "2022",
}
@report{Castro2021,
   author = "María Castro and Daniel González and Tracy Campos and María Montero and Javier Mejuto and Oliver Pac",
   title = "Misión Científica del Satélite Morazán: Integración regional a través de la cooperación…",
   year = "2021",
}
@report{Morazan,
   author = "Luis Diego Monge Astra Codex and Carlos Alvarado Briceño and Fernando Zorto and Eduardo Joaquin Gross and Moacir Fonseca Becker and Reynel Galindo and Francisco Segura Hernandez and Mauricio Alfaro Benavides and Luis Monge and Maria Molina and Eduardo Gross and Javier Mejuto and Víctor Hernández and Oliver Sierra",
   keywords = "(CubeSat,Central America,education),international collaboration",
   title = "Morazán Project Ground and Space Systems: Results of a Successful Preliminary Design, International Cooperation, Knowledge Transfer and Lessons Learned",
   url = "https://www.researchgate.net/publication/363840995",
   year = "2022",
}
@report{Guatemala,
   author = "Marvin Martínez and Diego González and Diego Rodríguez and Johan Birnie and Antonio Bagur and Ricardo Paz and Emilio Miranda and Fernanda Solórzano and Carlos Esquit and Julio Gallegos and Eduardo Álvarez and Víctor Ayerdi and Luis Zea",
   title = "Guatemala's Remote Sensing CubeSat - Tools and Approaches to Increase the Probability of Mission Success",
   year = "2018",
}
@report{Luis2020,
   author = "Víctor Ayerdi Luis and Zea Co and Pi Quetzal",
   title = "QUETZAL-1: The First Guatemalan Satellite KiboCUBE Programme 2nd Round Winner",
   year = "2020",
}
@online{ASAUDB2021,
   author = "ASAUDB",
   title = "ASAUDB - Space Apps Challenge | 2021",
   url = "https://2021.spaceappschallenge.org/challenges/statements/near-space-near-you/teams/asaudb/project",
   year = "2021",
}

@generic{Ma2018,
   author = "Shuai Ma and Modi Jiang and Peng Tao and Chengyi Song and Jianbo Wu and Jun Wang and Tao Deng and Wen Shang",
   doi = "10.1016/j.pnsc.2018.11.002",
   issn = "17455391",
   issue = "6",
   journal = "Progress in Natural Science: Materials International",
   keywords = "Battery management,Internal temperature,Lithium-ion battery,Temperature effect,Thermal management",
   month = "12",
   pages = "653-666",
   publisher = "Elsevier B.V.",
   title = "Temperature effect and thermal impact in lithium-ion batteries: A review",
   volume = "28",
   year = "2018",
}
@article{Denny2016,
   author = "Mark Denny",
   doi = "10.1119/1.4947151",
   issn = "0031-921X",
   issue = "5",
   journal = "The Physics Teacher",
   month = "5",
   pages = "268-271",
   publisher = "American Association of Physics Teachers (AAPT)",
   title = "Weather Balloon Ascent Rate",
   volume = "54",
   year = "2016",
}
@article{Tang2022,
   author = "Jiwei Tang and Shumin Pu and Peixi Yu and Weicheng Xie and Yunfei Li and Binxing Hu",
   doi = "10.3390/aerospace9100622",
   issn = "22264310",
   issue = "10",
   journal = "Aerospace",
   keywords = "control strategy,rapid recovery,thermal dynamic model,trajectory prediction,zero-pressure balloon",
   month = "10",
   publisher = "MDPI",
   title = "Research on Trajectory Prediction of a High-Altitude Zero-Pressure Balloon System to Assist Rapid Recovery",
   volume = "9",
   year = "2022",
}
@article{latam,
   author = "Sargento Primero Joseph Guzmán",
   title = "Programas espaciales en América Latina",
   year = "2021",
}
@generic{Knap2020,
   author = "Vaclav Knap and Lars Kjeldgaard Vestergaard and Daniel Ioan Stroe",
   doi = "10.3390/en13164097",
   issn = "19961073",
   issue = "15",
   journal = "Energies",
   keywords = "Battery,Battery pack,CubeSat,Electrical power supply,Lithium-ion,Market,Qualification,Requirement,Satellite,Standard",
   month = "8",
   publisher = "MDPI AG",
   title = "A review of battery technology in cubesats and small satellite solutions",
   volume = "13",
   year = "2020",
}
@article{Wang2020,
   author = "Zhanchao Wang and Min Huang and Lulu Qian and Baowei Zhao and Guangming Wang",
   doi = "10.3390/s20072080",
   issn = "1424-8220",
   issue = "7",
   journal = "Sensors",
   month = "4",
   pages = "2080",
   title = "High-Altitude Balloon-Based Sensor System Design and Implementation",
   volume = "20",
   year = "2020",
}
@report{Saad2015,
   author = "Marissa Saad",
   keywords = "http:/blogs.und.edu/nsbc",
   title = "The North Dakota Space Grant Consortium provides middle and high schools in North Dakota with a student launch competition, which reinforces hands-on STEM education with a real-world, inquiry-based, and NASA-relevant research project. The Near-Space Balloon Competition Handbook",
   year = "2015",
}
@report{Dubey2022,
   author = "Rakesh Dubey",
   institution = "MIT",
   note = "* VDA as an thermal isolator passive system.<br/><br/>*Charge-Discharge Controlled by GUI in a computer is something useful to improve capacity tests in Li-ion batteries.<br/><br/>* Temperature controlled by the GUI too.",
   title = "Performance Evaluation of a Lithium-Ion Pouch Battery Cell in Simulated Space Environment for a Pico-Satellite Concept (PicoSat)",
   year = "2022",
}

@article{TASEC,
   author = "David González-Bárcena and Lilian Peinado-Pérez and Alejandro Fernández-Soler and Ángel Grover Pérez-Muñoz and Jose Miguel Álvarez-Romero and Fernando Ayape and Jonathan Martín and Juan Bermejo-Ballesteros and Ángel Luis Porras-Hermoso and Daniel Alfonso-Corcuera and Sergio Marín-Coca and Manú Soto-Aranaz and Blanca Boado-Cuartero and Rafael Garcia-Romero and Santiago Pindado and Javier Pérez-Álvarez and Juan Zamorano and Ignacio Torralbo and Javier Piqueras and Isabel Pérez-Grande and Ángel Sanz-Andrés",
   doi = "10.1016/j.actaastro.2022.04.028",
   issn = "00945765",
   journal = "Acta Astronautica",
   keywords = "Ballooning,Convection,CubeSat,Heat transfer,Project-based learning,Stratosphere",
   month = "7",
   pages = "244-258",
   publisher = "Elsevier Ltd",
   title = "TASEC-Lab: A COTS-based CubeSat-like university experiment for characterizing the convective heat transfer in stratospheric balloon missions",
   volume = "196",
   year = "2022",
}
@article{Cuscatlan,
   author = "La Prensa Gráfica",
   title = "Nuevo Cuscatlán lanza otro proyecto aeroespacial",
   url = "https://www.laprensagrafica.com/elsalvador/Nuevo-Cuscatlan-lanza-otro-proyecto-aeroespacial-20140828-0066.html",
   year = "2014",
}
@article{Habsv2022,
   author = "Habsv",
   title = "PUPUSAT",
   url = "https://www.laprensagrafica.com/elsalvador/La-odisea-espacial-de-una-pupusa-20171111-0087.html",
   year = "2022",
}
@report{Meyer2020,
   author = "Jacob Meyer and Billy Straub and James Flaten",
   keywords = "ballooning,chamber,environmental,stratospheric,thermal-vac",
   title = "Improving a Low-Cost Thermal-Vac Chamber for Testing Stratospheric Ballooning Payloads",
   year = "2020",
}
@report{Gyuk2021,
   author = "G Gyuk and J G Garcia and C Tarr and K Walczak/",
   journal = "International Journal of Sustainable Lighting IJSL",
   keywords = "GONet,NITELite,high altitude balloon,light pollution,remote sensing",
   pages = "20-32",
   title = "Light Pollution Mapping from a Stratospheric High-Altitude Balloon Platform",
   url = "https://www.arcgis.com/apps/Viewer/index.html?appid=81204cec708945dba62b257121375c05",
   year = "2021",
}

@article{Cansat,
   author = "Juan Sebastián Rodríguez and Andrés Yarce Botero and Diego Valle and Julián Gálvez Serna and Francisco Botero",
   doi = "10.1155/2021/8868797",
   issn = "16875974",
   journal = "International Journal of Aerospace Engineering",
   publisher = "Hindawi Limited",
   title = "Experimental Approach for the Evaluation of the Performance of a Satellite Module in the CanSat Form Factor for in Situ Monitoring and Remote Sensing Applications",
   volume = "2021",
   year = "2021",
}

@report{Jarrell2017,
   author = "Adam Jarrell",
   title = "THE ECLIPSE BALLOONING PROJECT AT VANDERBILT UNIVERSITY AND THE CONSTRUCTION OF CUSTOM EQUIPMENT",
   year = "2017",
}
@report{Shaqeer2017,
   author = "Ahmad Shaqeer and Mohamed Thaheer",
   title = "Mission Design and Analysis of USM High-Altitude Balloon MYSat-1U CubeSat for Electron Density Measurement View project",
   url = "https://www.researchgate.net/publication/322930091",
   year = "2017",
}
@article{Bugga2022,
   author = "Ratnakumar Bugga and John Paul Jones and Mike Pauken and Sarah Stariha and James Cutts and Channing Ahn and Brent Fultz and Kerry Nock",
   doi = "10.1016/j.actaastro.2022.05.007",
   issn = "00945765",
   journal = "Acta Astronautica",
   keywords = "Atmospheric missions,Hydrogen balloon,Hydrogen storage,Solid oxide fuel cell,Variable altitude,Venus balloons",
   month = "8",
   pages = "69-80",
   publisher = "Elsevier Ltd",
   title = "Extended-range Variable Altitude Balloons for Venus atmospheric missions",
   volume = "197",
   year = "2022",
}
@inproceedings{Kumar2022,
   author = "Babu Vishwanath Hemath Kumar and Nisai H. Fuengwarodsakul and Nawarat Worrakul and Phongsakorn Meemak",
   doi = "10.1109/ICPEI55293.2022.9987186",
   isbn = "9781665460194",
   journal = "2022 International Conference on Power, Energy and Innovations, ICPEI 2022",
   keywords = "battery management system,electric power system,lithium-ion battery,nanosatellite",
   publisher = "Institute of Electrical and Electronics Engineers Inc.",
   title = "Design of Flexible Battery Pack and Battery Management System for Nanosatellite",
   year = "2022",
}
@generic{Mennel2022,
   author = "Jason A. Mennel and Dev Chidambaram",
   doi = "10.1007/s11708-022-0853-5",
   issn = "20951698",
   journal = "Frontiers in Energy",
   keywords = "aerospace,electrolyte,lithium-ion,low temperature,solid-electrolyte interface",
   publisher = "Higher Education Press Limited Company",
   title = "A review on the development of electrolytes for lithium-based batteries for low temperature applications",
   year = "2022",
}
@article{Navarathinam2011,
   author = "Nimal Navarathinam and Regina Lee and Hugh Chesser",
   doi = "10.1016/j.actaastro.2011.02.004",
   issn = "00945765",
   issue = "11-12",
   journal = "Acta Astronautica",
   keywords = "Batteries,Nanosatellites,Power management",
   month = "6",
   pages = "1752-1760",
   title = "Characterization of Lithium-Polymer batteries for CubeSat applications",
   volume = "68",
   year = "2011",
}

@online{NOAA2023,
   author = "NOAA",
   journal = "https://www.emc.ncep.noaa.gov/emc/pages/numerical_forecast_systems/gfs.php",
   title = "GFS",
   url = "https://www.emc.ncep.noaa.gov/emc/pages/numerical_forecast_systems/gfs.php",
   year = "2023",
}
@online{NOAA2016,
   author = "NOAA",
   journal = "https://gml.noaa.gov/aftp/user/jordan/",
   title = "Ballooon Prediction Manual",
   url = "https://gml.noaa.gov/aftp/user/jordan/Balloon%20Prediction%20User%20Manual.pdf",
   year = "2016",
}
@online{Cambridge,
   author = "Cambridge University",
   journal = "https://predict.sondehub.org/",
   title = "Cambridge University Spaceflight Landing Predictor",
   year = "2013",
}
@report{Vecino2013,
   author = "Andrés Rambal Vecino and Jesús González-Llorente",
   keywords = "BalloonSats,Battery charger Palabras claves: Convertidor dc-dc,Cargador de batería,CubeSat,Globo sonda,dc-dc converter",
   title = "Prototipo de un sistema de energía para misiones Cubesats y BalloonSats",
   year = "2013",
}
@online{nanosats,
   author = "NanoSats DataBase",
   journal = "2023",
   month = "1",
   title = "Nanosats Database | Constellations, companies, technologies and more",
   url = "https://www.nanosats.eu/",
   year = "2023",
}
@article{NC,
   author = "La Prensa Gráfica",
   title = "Nuevo Cuscatlán lanza otro proyecto aeroespacial",
   url = "https://www.laprensagrafica.com/elsalvador/Nuevo-Cuscatlan-lanza-otro-proyecto-aeroespacial-20140828-0066.html",
   year = "2014",
}
@article{Colibri,
   author = "El Faro",
   title = "Un colibrí y un torogoz llevarán a El Salvador a la era espacial",
   url = "https://elfaro.net/es/201406/el_agora/15594/",
   year = "2013",
}
@article{Ramkumar2022,
   author = "M. Siva Ramkumar and C. Subba Rami Reddy and Agenya Ramakrishnan and K. Raja and S. Pushpa and S. Jose and Mani Jayakumar",
   doi = "10.1155/2022/3379574",
   issn = "1687-8442",
   journal = "Advances in Materials Science and Engineering",
   month = "5",
   pages = "1-8",
   title = "Review on Li-Ion Battery with Battery Management System in Electrical Vehicle",
   volume = "2022",
   year = "2022",
}
@article{Lei2022,
   author = "Tao Lei and Zhihao Min and Qinxiang Gao and Lina Song and Xingyu Zhang and Xiaobin Zhang",
   doi = "10.3390/en15114109",
   issn = "1996-1073",
   issue = "11",
   journal = "Energies",
   month = "6",
   pages = "4109",
   title = "The Architecture Optimization and Energy Management Technology of Aircraft Power Systems: A Review and Future Trends",
   volume = "15",
   year = "2022",
}
@generic{Ghalkhani2023,
   author = "Maryam Ghalkhani and Saeid Habibi",
   doi = "10.3390/en16010185",
   issn = "19961073",
   issue = "1",
   journal = "Energies",
   keywords = "AI-based monitoring systems,battery management systems,electric vehicle,lithium-ion batteries",
   month = "1",
   publisher = "MDPI",
   title = "Review of the Li-Ion Battery, Thermal Management, and AI-Based Battery Management System for EV Application",
   volume = "16",
   year = "2023",
}
@article{Crespo2021,
   author = "Maria Liz Crespo and François Foulon and Andres Cicuttin and Mladen Bogovac and Clement Onime and Cristian Sisterna and Rodrigo Melo and Werner Florian Samayoa and Luis Guillermo García Ordóñez and Romina Molina and Bruno Valinoti",
   doi = "10.3390/electronics10182191",
   issn = "2079-9292",
   issue = "18",
   journal = "Electronics",
   month = "9",
   pages = "2191",
   title = "Remote Laboratory for E-Learning of Systems on Chip and Their Applications to Nuclear and Scientific Instrumentation",
   volume = "10",
   year = "2021",
}
@book{energiasat1,
   author = "Jesús González Llorente",
   isbn = "9789588866949",
   title = "Obtención de energía solar y su uso eficiente en la orientación de pequeños satélites",
}

@article{Nobel,
   author = "The Nobel Foundation",
   title = "All Nobel Prizes in Physics",
   url = "https://www.nobelprize.org/prizes/lists/all-nobel-prizes-in-physics/",
   year = "2022",
}


@inproceedings{Calvinus2020,
   author = "Yohanes Calvinus and Ferdian Wiryanata and Harlianto Tanujaya",
   doi = "10.1088/1757-899X/1007/1/012174",
   issn = "1757899X",
   issue = "1",
   journal = "IOP Conference Series: Materials Science and Engineering",
   keywords = "Arduino,Battery management systems,Electric vehicles",
   month = "12",
   publisher = "IOP Publishing Ltd",
   title = "Battery charging management system design with voltage, current and temperature monitoring features in electric vehicles",
   volume = "1007",
   year = "2020",
}


@book{ArduinoBMS2017,
   author = "Institute of Electrical and Electronics Engineers and IEEE Technology and Engineering Management Society",
   isbn = "9781509011148",
   title = "Batery Management System Using Arduino",
   year = "2017",
}
@report{Lynch2014,
   author = "Benjamin Lynch and Callie Wallace",
   title = "CubeSat electronic power system",
   url = "https://scholarcommons.scu.edu/elec_senior/3",
   year = "2014",
}
@article{Aung2020,
   author = "Htet Aung and Jing Jun Soon and Shu Ting Goh and Jia Min Lew and Kay Soon Low",
   doi = "10.1109/TAES.2019.2958161",
   issn = "15579603",
   issue = "4",
   journal = "IEEE Transactions on Aerospace and Electronic Systems",
   keywords = "Battery management system (BMS),equivalent circuit model,lithium-ion batteries,nanosatellite,state-of-charge (SOC),state-of-health (SOH),unscented Kalman filter (UKF)",
   month = "8",
   pages = "2978-2989",
   publisher = "Institute of Electrical and Electronics Engineers Inc.",
   title = "Battery Management System with State-of-Charge and Opportunistic State-of-Health for a Miniaturized Satellite",
   volume = "56",
   year = "2020",
}
@article{Lotfi2013,
   author = "Nima Lotfi and Poria Fajri and Samuel Novosad and Jack Savage and Robert G. Landers and Mehdi Ferdowsi",
   doi = "10.3390/en6105231",
   issn = "19961073",
   issue = "10",
   journal = "Energies",
   keywords = "Battery management system,Experimental testbed,Li-ion batteries",
   pages = "5231-5258",
   publisher = "MDPI AG",
   title = "Development of an experimental testbed for research in lithium-ion battery management systems",
   volume = "6",
   year = "2013",
}
@inproceedings{Afif2020,
   author = "A. R. Afif and B. S. Aprillia and W. Priharti",
   doi = "10.1088/1757-899X/771/1/012005",
   issn = "1757899X",
   issue = "1",
   journal = "IOP Conference Series: Materials Science and Engineering",
   month = "3",
   publisher = "Institute of Physics Publishing",
   title = "Design and Implementation of Battery Management System for Portable Solar Panel with Coulomb Counting Method",
   volume = "771",
   year = "2020",
}
@inproceedings{Nizam2020,
   author = "Muhammad Nizam and Hari Maghfiroh and Rizal Abdulrozaq Rosadi and Kirana D.U. Kusumaputri",
   doi = "10.1063/5.0000649",
   isbn = "9780735419711",
   issn = "15517616",
   journal = "AIP Conference Proceedings",
   month = "4",
   publisher = "American Institute of Physics Inc.",
   title = "Battery management system design (BMS) for lithium ion batteries",
   volume = "2217",
   year = "2020",
}
@inproceedings{Garbuglia2019,
   author = "Federico Garbuglia and Matteo Unterhorst and Luca Buccolini and Simone Orcioni and Massimo Conti",
   doi = "10.1007/978-3-030-11973-7_26",
   isbn = "9783030119720",
   issn = "18761119",
   issue = "9783030119720",
   journal = "Lecture Notes in Electrical Engineering",
   pages = "221-233",
   publisher = "Springer Verlag",
   title = "Experimental analysis of battery management system algorithms of li-ion batteries",
   volume = "550",
   year = "2019",
}
@book{EPSCubeSat,
   author = "Universidade do Porto. Faculdade de Engenharia and INESC TEC (Organization) and Institute of Electrical and Electronics Engineers and IEEE Power & Energy Society and IEEE Industrial Electronics Society and Institution of Engineering and Technology",
   isbn = "9781728111568",
   title = "Modeling and Design of Electrical Power Subsystem for CubeSats",
   year = "2019",
}
@article{Parthasarathy2020,
   author = "Varsha Parthasarathy and Philip Ferguson",
   doi = "10.1007/s42401-020-00050-1",
   issn = "25233955",
   issue = "2",
   journal = "Aerospace Systems",
   keywords = "Modelling,Power subsystem,Satellite,Simulation,Statistical process control",
   month = "6",
   pages = "139-146",
   publisher = "Springer Science and Business Media B.V.",
   title = "Modelling and simulation of the power subsystem of a low earth orbit CubeSat",
   volume = "3",
   year = "2020",
}
@book{ArduinoBMS,
   author = "Abdelaaziz El Hibaoui and Mohamed Essaaidi and Youssef Zaz and International Solar Energy Society and Institute of Electrical and Electronics Engineers",
   isbn = "9781728151526",
   title = "Arduino Based Platform for Managing a PV Battery Charge",
   year = "2019",
}
@report{Affiliate2021,
   author = "An Affiliate and Edet David Kokoette",
   title = "Optimization of Battery Management System for Nano Satellite",
   year = "2021",
}
@article{Pelin2022,
   author = "Denis Pelin and Andrej Brandis and Mario Kovačević and Filip Halak",
   doi = "10.3390/en15124335",
   issn = "19961073",
   issue = "12",
   journal = "Energies",
   keywords = "PCB design,configuration mode,control algorithm,education,passive BMS",
   month = "6",
   publisher = "MDPI",
   title = "Design and Testing of a Multimode Capable Passive Battery Management System",
   volume = "15",
   year = "2022",
}
@report{3UEPS,
   author = "Emanuela La Bella Sabrina",
   title = "Development of an Electrical Power System for a 3U educational CubeSat",
   year = "2022",
}
@article{Cook2021,
   author = "Riley Cook and Lukas Swan and Kevin Plucknett",
   doi = "10.3390/batteries7010020",
   issn = "2313-0105",
   issue = "1",
   journal = "Batteries",
   month = "3",
   pages = "20",
   title = "Impact of Test Conditions While Screening Lithium-Ion Batteries for Capacity Degradation in Low Earth Orbit CubeSat Space Applications",
   volume = "7",
   year = "2021",
}
@article{Xiaowei2019,
   author = "Du Xiaowei and Xu Guoning and Li Zhaojie and Miao Ying and Zhao Shuai and Du Hao",
   doi = "10.1016/j.microrel.2019.113400",
   issn = "00262714",
   journal = "Microelectronics Reliability",
   month = "9",
   publisher = "Elsevier Ltd",
   title = "Remaining useful life prediction of Lithium-ion batteries of stratospheric airship by model-based method",
   volume = "100-101",
   year = "2019",
}
@inproceedings{Qiu2021,
   author = "Wanchao Qiu and Gang Li and Chenzhi Ouyang and Jianhong Zeng",
   doi = "10.1088/1755-1315/631/1/012093",
   issn = "17551315",
   issue = "1",
   journal = "IOP Conference Series: Earth and Environmental Science",
   month = "1",
   publisher = "IOP Publishing Ltd",
   title = "Simulation and experimental investigation of battery thermal management system for a hybrid vehicle",
   volume = "631",
   year = "2021",
}
@report{Li2021,
   author = "Lingqi Li and Kenjiro S Lay and Masataka Okutsu",
   issue = "1",
   journal = "JoSS",
   pages = "983",
   title = "Preliminary Thermal Validation Tests for Education-Class CubeSats and Weather-Balloon Payloads",
   volume = "10",
   url = "www.jossonline.com",
   year = "2021",
}
@article{Krause2020,
   author = "Frederick C. Krause and Jessica A. Loveland and Marshall C. Smart and Erik J. Brandon and Ratnakumar V. Bugga",
   doi = "10.1016/j.jpowsour.2019.227544",
   issn = "03787753",
   journal = "Journal of Power Sources",
   keywords = "COTS cells,CubeSats,Lander EDL,Li-ion cells,Mars mission,Panasonic 18650 cells",
   month = "2",
   publisher = "Elsevier B.V.",
   title = "Implementation of commercial Li-ion cells on the MarCO deep space CubeSats",
   volume = "449",
   year = "2020",
}
@article{Wang2022,
   author = "Shuping Wang and Tangqin Wu and Heng Xie and Changhao Li and Jiaqing Zhang and Lihua Jiang and Qingsong Wang",
   doi = "10.3390/batteries8110203",
   issn = "23130105",
   issue = "11",
   journal = "Batteries",
   keywords = "available capacity,heat generation,internal resistance,isothermal condition,lithium ion battery safety",
   month = "11",
   publisher = "MDPI",
   title = "Effects of Current and Ambient Temperature on Thermal Response of Lithium Ion Battery",
   volume = "8",
   year = "2022",
}
@article{COTS,
   author = "Juan A. Zaragoza-Asensio and Santiago Pindado and Javier Pérez-Álvarez",
   doi = "10.1016/j.ejrs.2020.12.005",
   issn = "20902476",
   issue = "2",
   journal = "Egyptian Journal of Remote Sensing and Space Science",
   keywords = "COTS,Commercial Off-The-Shelf,FEM modeling,Li-ion battery,Space power systems",
   month = "8",
   pages = "311-317",
   publisher = "Elsevier B.V.",
   title = "Li-ion battery for space missions based on COTS cells: Mechanical analysis and design",
   volume = "24",
   year = "2021",
}
@article{Wu2019,
   author = "Weixiong Wu and Wei Wu and Xianghui Qiu and Shuangfeng Wang",
   doi = "10.1002/er.4257",
   issn = "1099114X",
   issue = "1",
   journal = "International Journal of Energy Research",
   keywords = "aging mechanism,capacity loss,degradation modes,incremental capacity analysis,lithium-ion battery,low-temperature discharging",
   month = "1",
   pages = "243-253",
   publisher = "John Wiley and Sons Ltd",
   title = "Low-temperature reversible capacity loss and aging mechanism in lithium-ion batteries for different discharge profiles",
   volume = "43",
   year = "2019",
}
@article{Nandini2018,
   author = "K. Nandini and K. Usha and M. S. Srinivasan and M. Pramod and P. Satyanarayana and M. Sankaran",
   doi = "10.1016/j.est.2018.03.018",
   issn = "2352152X",
   journal = "Journal of Energy Storage",
   keywords = "Commercially-off-the-shelf 18650 cells,Cryogenic soak,Electrolyte freezing point,Lithium-ion cells,X-ray computed tomography",
   month = "6",
   pages = "409-416",
   publisher = "Elsevier Ltd",
   title = "Study on survivability of 18650 Lithium-ion cells at cryogenic temperatures",
   volume = "17",
   year = "2018",
}
@article{Modeling,
   author = "S. Marín-Coca and D. González-Bárcena and E. Roibás-Millán and S. Pindado",
   doi = "10.1016/j.actaastro.2022.06.015",
   issn = "00945765",
   journal = "Acta Astronautica",
   keywords = "DC–DC converter,Least-squares,Li-ion battery,Parameter estimation,Power subsystem,Stratospheric balloon",
   month = "9",
   pages = "421-430",
   publisher = "Elsevier Ltd",
   title = "On the modeling and simulation of a stratospheric experiment power subsystem",
   volume = "198",
   year = "2022",
}
@book{Writer2019,
   author = "Beta Writer",
   city = "Cham",
   doi = "10.1007/978-3-030-16800-1",
   isbn = "978-3-030-16799-8",
   publisher = "Springer International Publishing",
   title = "Lithium-Ion Batteries: A Machine-Generated Summary of Current Research",
   url = "http://link.springer.com/10.1007/978-3-030-16800-1",
   year = "2019",
}
@report{Springer2021,
   author = "Springer",
   title = "Atmospheric Measurements Foken Editor",
   year = "2021",
}
@article{Wang2014,
   author = "Xiaolin Wang and Narayanaswamy Balakrishnan and Bo Guo",
   doi = "10.1016/j.ress.2013.11.011",
   issn = "09518320",
   journal = "Reliability Engineering and System Safety",
   keywords = "Degradation,MCMC,Maximum likelihood,Residual life,Wiener process",
   pages = "13-23",
   publisher = "Elsevier Ltd",
   title = "Residual life estimation based on a generalized Wiener degradation process",
   volume = "124",
   year = "2014",
}
@article{Tang2014,
   author = "Shengjin Tang and Chuanqiang Yu and Xue Wang and Xiaosong Guo and Xiaosheng Si",
   doi = "10.3390/en7020520",
   issn = "19961073",
   issue = "2",
   journal = "Energies",
   keywords = "Bayesian,Expectation maximization algorithm,Lithium-ion batteries,Maximum likelihood estimation,Measurement error,Prediction,Remaining useful life,The Wiener process,Truncated normal distribution",
   pages = "520-547",
   publisher = "MDPI AG",
   title = "Remaining useful life prediction of lithium-ion batteries based on the wiener process with measurement error",
   volume = "7",
   year = "2014",
}
@report{Basta2014,
   author = "Tim Basta and Scott Miller and R Trevor and Clark Advisors and Randy Larimer and Berk Knighton Sponsor",
   title = "Weather Balloon Altitude Control System",
   year = "2014",
}
@inproceedings{AIAA,
   author = "András Sóbester and Helen Czerski and Niccolò Zapponi and Ian Castro",
   doi = "10.2514/6.2013-1295",
   isbn = "9781624102264",
   journal = "AIAA Balloon Systems (BAL) Conference 2013",
   title = "Notes on meteorological balloon mission planning",
   year = "2013",
}
@article{NASA2016,
   author = "NASA",
   title = "NASA Systems Engineering HandBook",
   year = "2016",
}
@article{Goel2017,
   author = "Ashish Goel and Siddharth Krishnamoorthy and Travis Swenson and Stephen West and Alan Li and Alexander Crew and Derek James Phillips and Antoine Screve and Sigrid Close",
   doi = "10.1016/j.actaastro.2017.03.016",
   issn = "00945765",
   journal = "Acta Astronautica",
   keywords = "Europa,Mission design,Planetary science",
   month = "7",
   pages = "204-218",
   publisher = "Elsevier Ltd",
   title = "Design for CubeSat-based dust and radiation studies at Europa",
   volume = "136",
   year = "2017",
}
@article{Liion,
   author = "Angel Porras-Hermoso and Santiago Pindado and Javier Cubas",
   doi = "10.1088/1361-6501/aae231",
   issn = "13616501",
   issue = "11",
   journal = "Measurement Science and Technology",
   keywords = "Li-ion battery,SOC estimation,energy balance,equivalent circuit model",
   month = "10",
   publisher = "Institute of Physics Publishing",
   title = "Lithium-ion battery performance modeling based on the energy discharge level",
   volume = "29",
   year = "2018",
}
@online{NASA2022,
   author = "NASA",
   journal = "https://www.nasa.gov/scientific-balloons/types-of-balloons",
   month = "9",
   title = "Scientific Balloons",
   url = "National Aeronautics and Space Administration (NASA)",
   year = "2022",
}

@article{NASAColumbia,
   author = "Columbia Scientific Balloon Facility - NASA",
   title = "Scientific Balloons",
   url = "https://www.csbf.nasa.gov/balloons.html",
   year = "2023",
}
@inproceedings{Reyes2022,
   author = "Ali Reyes and Osmin Larreynaga and Manuel Pleites and Alejandra Martinez and Gabriel Vasquez and Josue Aldana",
   doi = "10.1109/CONESCAPAN56456.2022.9959735",
   isbn = "978-1-6654-5353-0",
   journal = "2022 IEEE Central America and Panama Student Conference (CONESCAPAN)",
   month = "10",
   pages = "1-6",
   publisher = "IEEE",
   title = "Selección de Antenas UHF para una Misión Near-Space en un HAB y las frecuencias reguladas",
   year = "2022",
}
@article{Chaturvedi2022,
   author = "Sudhir Kumar Chaturvedi",
   doi = "10.13111/2066-8201.2022.14.2.2",
   issn = "22474528",
   issue = "2",
   journal = "INCAS Bulletin",
   keywords = "DET,EPS,Power regulation,Solar array",
   pages = "11-26",
   publisher = "INCAS - National Institute for Aerospace Research Elie Carafoli",
   title = "An analytical review for the power system of a spacecraft",
   volume = "14",
   year = "2022",
}
@article{Coutinho2023,
   author = "Diego Anestor Coutinho and Pedro Lucas Siqueira Paulino and Arielli Ajudarte da Conceição and Sthefany Farias Vilela and Guilherme Pedro Aquino and Antonio Alves Ferreira Junior and Evandro César Vilas Boas",
   doi = "10.1590/jatm.v15.1295",
   issn = "2175-9146",
   journal = "Journal of Aerospace Technology and Management",
   title = "Design, Prototyping and Stratospheric Launch of CubeSats for University Competition",
   volume = "15",
   url = "http://www.scielo.br/scielo.php?script=sci_arttext&pid=S2175-91462023000100403&tlng=en",
   year = "2023",
}
@article{EPS_Nanosatellite,
   author = "Leonardo Kessler Slongo and Sara Vega Martínez and Bruno Vale Barbosa Eiterer and Eduardo Augusto Bezerra",
   doi = "10.1002/cta.2872",
   issn = "1097007X",
   issue = "12",
   journal = "International Journal of Circuit Theory and Applications",
   keywords = "electrical power system,energy efficiency,maximum power point tracking,nanosatellite",
   month = "12",
   pages = "2153-2189",
   publisher = "John Wiley and Sons Ltd",
   title = "Nanosatellite electrical power system architectures: Models, simulations, and tests",
   volume = "48",
   year = "2020",
}

@online{AESS,
   author = "Jesus Gonzalez-Llorente",
   month = "4",
   title = "Design of Efficient and Electrical Power Systems for Small Spacecraft",
   url = "https://ieee-aess.org/presentation/lecture/design-efficient-and-electrical-power-systems-small-spacecraft",
   year = "2023",
}

@misc{stratoballoon_eps_batterytest,
  author = {AJ23A},
  title = {Battery Test - StratoBalloon EPS},
  howpublished = {\url{https://github.com/AJ23A/StratoBalloon/tree/master/EPS/Battery_Test}},
  year = {2023},
  month = {Julio},
  note = {Accedido el 12 de julio de 2023}
}

@online{uwyo_balloon_traj,
  author = {},
  title = {Upper Air Balloon Trajectory},
  url = {https://weather.uwyo.edu/upperair/balloon_traj.html},
  organization = {University of Wyoming},
  year = {2023},
  month = {Julio},
  note = {Accedido el 14 de julio de 2023}
}

@online{noaa_wvap_sw,
  author = {},
  title = {Balloon Prediction - NOAA Global Monitoring Laboratory},
  url = {https://gml.noaa.gov/ozwv/wvap/sw.html#:~:text=Balloon%20Prediction,accurate%20results%20are%20not%20guaranteed)},
  organization = {NOAA Global Monitoring Laboratory},
  year = {2023},
  month = {Julio},
  note = {Accedido el 14 de julio de 2023}
}
@misc{osmin-lab,
  author = {OSMIN Lab},
  title = {OSMIN Lab GitHub Repository},
  howpublished = {\url{https://github.com/osmin-lab}},
  year = {Año actual},
  note = {Accedido el día de acceso}
}

@techreport{barahona2022diseno,
  title={Diseño y análisis de un módulo reemplazable para misiones cercanas a la estratosfera (Near-Space LRU)},
  author={Barahona, Ali and Pleites, Manuel},
  year={2022},
  institution={Universidad Don Bosco},
  address={Soyapango},
  month={nov}
}
@book{ford2008design,
  author    = {Ford, Ralph Michael and Coulston, Chris S.},
  title     = {Design for Electrical and Computer Engineers: Theory, Concepts, and Practice},
  publisher = {McGraw-Hill},
  year      = {2008},
  isbn      = {9780071263474, 0071263470},
}

@article{bouwmeester2010survey,
  title={Survey of worldwide pico- and nanosatellite missions, distributions and subsystem technology},
  author={Bouwmeester, J. and Guo, J.},
  journal={Acta Astronautica},
  volume={67},
  pages={854--862},
  year={2010},
  publisher={Elsevier}
}
@article{chin2018energy,
  title={Energy Storage Technologies for Small Satellite Applications},
  author={Chin, K.B. and others},
  journal={Proceedings of the IEEE},
  volume={106},
  pages={419--428},
  year={2018},
  publisher={IEEE}
}

@misc{panasonic_18650b,
    author = {Panasonic},
    title = {Panasonic 18650B Lithium-ion Battery Datasheet},
    howpublished = {\url{https://cdn.shopify.com/s/files/1/0481/9678/0183/files/panasonic_18650b_data_sheet.pdf}},
    year = {2012},
    note = {Consultado el 2 de octubre de 2023},
}

@misc{sparkfun-13712,
  author = {SparkFun},
  title = {SparkFun Qwiic Micro OLED - 128x32},
  url = {https://www.sparkfun.com/products/13712},
  year = {2023},
}

@misc{arduino-nano,
  author = {Arduino},
  title = {Arduino Nano},
  url = {https://store.arduino.cc/products/arduino-nano},
  year = {2023},
}

@misc{nitecore-d4-charger,
author = {Nitecore},
title = {Nitecore D4 Charger},
url = {https://www.18650batterystore.com/collections/18650-battery-charger/products/nitecore-d4-charger},
year = {2023},
}

@misc{MCP73831-datasheet,
author = {Microchip Technology},
title = {MCP73831/2 Linear Li-Ion/Li-Polymer Charge Management Controllers},
url = {https://ww1.microchip.com/downloads/en/DeviceDoc/MCP73831-Family-Data-Sheet-DS20001984H.pdf},
year = {2023},
}

@misc{sparkfun-10217,
  author = {SparkFun},
  title = {SparkFun microSD Breakout Board},
  url = {https://www.sparkfun.com/products/10217},
  year = {2023},
}

@online{sparkfun14544,
  author = {SparkFun Electronics},
  title = {SparkFun Current Sensor Breakout - ACS723 (Low Current)},
  year = {2023},
  url = {https://www.sparkfun.com/products/14544}
}
@online{labralab_pull_pin_switch_kit_2023,
  author = {LabraLab Rocketry},
  title = {Pull-pin switch kit},
  year = {2023},
  url = {https://www.labratrocketry.com/product-page/pull-pin-switch-kit}
}

@misc{nomad_ee_mc34063a,
  author = {Nomad.ee},
  title = {MC34063A design tool},
  year = {2023},
  url = {https://www.nomad.ee/micros/mc34063a/},
  accessed = {2023-10-17}
}

@misc{analog_devices_ltspice,
author = {Analog Devices},
title = {LTspice simulator},
year = {2023},
url = {https://www.analog.com/en/design-center/design-tools-and-calculators/ltspice-simulator.html},
accessed = {2023-10-17}
}

@article{digikey-linear-regulators,
title = "Understanding the Advantages and Disadvantages of Linear Regulators",
author = "Digi-Key Electronics",
journal = "Digi-Key Electronics",
year = "2023",
url = "https://www.digikey.com/en/articles/understanding-the-advantages-and-disadvantages-of-linear-regulators",
accessed = "2023-10-31T18:04:50-08:00"
}

@datasheet{analog_lt1117fd,
  author = "Analog Devices",
  title = "LT1117FD 800mA Low Dropout Positive Regulator",
  publisher = "Analog Devices",
  year = "2023",
  url = "https://www.analog.com/media/en/technical-documentation/data-sheets/1117fd.pdf",
  accessed = "2023-10-31T18:04:50-08:00"
}

@datasheet{ti_mc34063a,
  author = "Texas Instruments",
  title = "MC34063A 1.5-A Peak Boost/Buck/Inverting Switching Regulators",
  publisher = "Texas Instruments",
  year = "2023",
  url = "https://www.ti.com/lit/ds/symlink/mc34063a.pdf?ts=1698734670358&ref_url=https%253A%252F%252Fwww.ti.com%252Fproduct%252FMC34063A",
  accessed = "2023-10-31T18:04:50-08:00"
}

@article{Kopczynski2018,
  author = "Artur Kopczyński and Zhiyin Liu and Paweł Krawczyk",
  doi = "10.1051/e3sconf/20184400074",
  issn = "2267-1242",
  journal = "E3S Web of Conferences",
  month = "7",
  pages = "00074",
  title = "Parametric analysis of Li-ion battery based on laboratory tests",
  volume = "44",
  year = "2018",
}


@book{rashid2015electronica,
  title="Electrónica de potencia",
  author="Rashid, Muhammad H.",
  year="2015",
  publisher="Pearson"
}


@misc{TE2023PE014006,
author = "TE Connectivity",
title = "PE014006 Power Relay",
url = "https://www.te.com/usa-en/product-1393219-4.datasheet.pdf",
year = "2023"
}

@Manual{BS170Datasheet,
  author = "On Semiconductor",
  title = "BS173 Datasheet",
  year = "2023",
  url = "https://www.onsemi.com/pdf/datasheet/mmbf173-d.pdf",
}
@Manual{2N2222A_Datasheet,
  author = "On Semiconductor",
  title = "2N2222A Datasheet",
  year = "2023",
  url = "https://www.onsemi.com/pdf/datasheet/p2n2222a-d.pdf",
}

@article{arduino_getting_started,
author = "Chua, EH",
title = "Getting Started with Arduino",
journal = "Nanyang Technological University",
year = "2023",
url = "https://www3.ntu.edu.sg/home/ehchua/programming/arduino/arduino.html#:~:text=and%20so%20on.-,5.2%20Driving%20LEDs%20(High%2DCurrent%20Load)%20using%20Power%20Transistor,(or%2020mA%20continuous%20current),
"
}

@article{pcb_trace_width_vs_current_table,
  author = "Altium Resources",
  title = "PCB Trace Width vs Current Table for High Voltage Design",
  journal = "Altium",
  year = "2023",
  url = "https://resources.altium.com/p/pcb-trace-width-vs-current-table-high-voltage-design",
}

@article{knight2015lithium,
  title= "{Lithium Ion Cell Protection}",
  author= "{Knight, Dave}",
  journal= "DigiKey Maker Tutorials",
  year= "2016",
  url= "https://www.digikey.com/en/maker/tutorials/2016/lithium-ion-cell-protection",
  note= "Publicado el 14 de diciembre de 2015"
}


@misc{diodes2023ap9101c,
title="AP9101C Lithium-Ion/Lithium Polymer Battery Protection IC",
author="Diodes Incorporated",
url="https://www.diodes.com/assets/Datasheets/products_inactive_data/AP9101C.pdf",
year="2023"
}

@techreport{LTC4361,
  author = "Linear Technology",
  title = "LTC4361/LTC4361-1 Overvoltage/Overcurrent Protection Controller",
  institution = "Linear Technology",
  year = "2023",
  url = "https://www.analog.com/media/en/technical-documentation/data-sheets/LTC4361-1-4361-2.pdf",
}

@misc{altiumfr4,
  author = "Altium Resources",
  title = "Características del FR4 para placas de circuitos impresos",
  howpublished = "https://resources.altium.com/es/p/fr4",
  year = "2023",
}

@misc{noaa_upperair,
    title = "Weather Balloon / Upper Air Observations",
    url = "https://www.weather.gov/chs/upperair",
    organization = "NOAA",
    month = "noviembre",
    year = "2023",
    day = "14",
    note = "Accedido el 14 de noviembre de 2023 a las 23:27 CST desde El Salvador",
}

@misc{noaa_radiosondes,
    title = "Radiosondes",
    url = "https://www.noaa.gov/jetstream/upperair/radiosondes",
    organization = "NOAA",
    month = "noviembre",
    year = "2023",
    day = "14",
    note = "Accedido el 14 de noviembre de 2023 a las 23:28 CST desde El Salvador",
}

@inproceedings{comparasun,
title = "Comparación de modelos para celdas solares de alta eficiencia usadas en pequeños satélites y CubeSats",
author = "González-Llorente, Jesús and Hurtado, Ronald",
booktitle = "10th Latin American and Caribbean Conference for Engineering and Technology",
address = "Ciudad de Panamá, Panamá",
month = "julio",
year = "2012",
day = "23-27",
}

@article{jara2022orbit,
  title = "On-orbit electrical power system dataset of 1U CubeSat constellation",
  author = "Jara, Adolfo and Lepcha, Pooja and Kim, Sankyun and Masui, Hirokazu and Yamauchi, Takashi and Maeda, George and Cho, Mengu",
  journal = "Data in Brief",
  volume = "45",
  pages = "108697",
  month = "December",
  year = "2022",
  doi = "10.1016/j.dib.2022.108697",
}


@inproceedings{IEEE_AESS_Distinguished_Lecture,
author = "Jesus Gonzalez-Llorente
",
title = "Lecture: Design of Efficient and Electrical Power Systems for Small Spacecraft",
booktitle = "IEEE Aerospace Electronic Systems Society (AESS) Distinguished Lecture",
year = "2023",
url = "https://ieee-aess.org/presentation/lecture/design-efficient-and-electrical-power-systems-small-spacecraft"
}

@inproceedings{Reyes2023,
  title = "@Preliminary Design and Analysis of an FDM Payload Unit for HAB Missions",
  author = "Reyes, Ali and Pleites, Manuel",
  doi = "10.1109/CONESCAPAN60431.2023.10328426",
  booktitle = "2023 IEEE Central America and Panama Student Conference (CONESCAPAN)",
  year = "2023",
  month ="September",
  day = "26-29",
}